@article{he2010laplacian,
  title={Laplacian regularized gaussian mixture model for data clustering},
  author={He, Xiaofei and Cai, Deng and Shao, Yuanlong and Bao, Hujun and Han, Jiawei},
  journal={IEEE Transactions on Knowledge and Data Engineering},
  volume={23},
  number={9},
  pages={1406--1418},
  year={2010},
  publisher={IEEE}
}

@book{bishop2006pattern,
  title={Pattern recognition and machine learning},
  author={Bishop, Christopher M},
  year={2006},
  publisher={springer}
}

@article{scikit-learn,
 title={Scikit-learn: Machine Learning in {P}ython},
 author={Pedregosa, F. and Varoquaux, G. and Gramfort, A. and Michel, V.
         and Thirion, B. and Grisel, O. and Blondel, M. and Prettenhofer, P.
         and Weiss, R. and Dubourg, V. and Vanderplas, J. and Passos, A. and
         Cournapeau, D. and Brucher, M. and Perrot, M. and Duchesnay, E.},
 journal={Journal of Machine Learning Research},
 volume={12},
 pages={2825--2830},
 year={2011}
}

@article{dinov2008expectation,
  title={Expectation maximization and mixture modeling tutorial},
  author={Dinov, Ivo D},
  year={2008}
}

@article{lu2019gmm,
  title={GMM clustering for heating load patterns in-depth identification and prediction model accuracy improvement of district heating system},
  author={Lu, Yakai and Tian, Zhe and Peng, Peng and Niu, Jide and Li, Wancheng and Zhang, Hejia},
  journal={Energy and Buildings},
  volume={190},
  pages={49--60},
  year={2019},
  publisher={Elsevier}
}

@article{hou2014novel,
  title={A novel steganalysis framework of heterogeneous images based on GMM clustering},
  author={Hou, Xiaodan and Zhang, Tao and Xiong, Gang and Lu, Zhibo and Xie, Kai},
  journal={Signal Processing: Image Communication},
  volume={29},
  number={3},
  pages={385--399},
  year={2014},
  publisher={Elsevier}
}

@article{su2007search,
  title={In search of deterministic methods for initializing K-means and Gaussian mixture clustering},
  author={Su, Ting and Dy, Jennifer G},
  journal={Intelligent Data Analysis},
  volume={11},
  number={4},
  pages={319--338},
  year={2007},
  publisher={IOS Press}
}

@book{feller2008introduction,
  title={An introduction to probability theory and its applications, vol 2},
  author={Feller, Willliam},
  year={2008},
  publisher={John Wiley \& Sons}
}